<?xml version="1.0" encoding="UTF-8"?><collection xmlns="http://www.loc.gov/MARC21/slim"><record><leader>00583nam--2200205-i-4500</leader><controlfield tag="001">000013780</controlfield><controlfield tag="002">20161230</controlfield><controlfield tag="005">20161230201030</controlfield><controlfield tag="008">060222s1000------------r-----000-0-rum-d</controlfield><datafield ind1=" " ind2=" " tag="040"><subfield code="a">IFIN-HH</subfield></datafield><datafield ind1=" " ind2=" " tag="041"><subfield code="a">rum</subfield></datafield><datafield ind1=" " ind2=" " tag="080"><subfield code="a">539.14</subfield></datafield><datafield ind1="1" ind2=" " tag="100"><subfield code="a">Sanielevici, Alexandru S</subfield></datafield><datafield ind1="1" ind2="0" tag="245"><subfield code="a">Structura nucleului atomic si tranzitiile radioactive</subfield><subfield code="c">Alexandru sanielevici, dragos bogdan</subfield></datafield><datafield ind1=" " ind2=" " tag="260"><subfield code="a">Bucuresti</subfield><subfield code="b">Editura Academiei R.P.R</subfield><subfield code="c">1958</subfield></datafield><datafield ind1=" " ind2=" " tag="300"><subfield code="a">471 P</subfield></datafield><datafield ind1=" " ind2=" " tag="490"><subfield code="a">Monografii De Fizica Iii</subfield></datafield><datafield ind1="1" ind2=" " tag="700"><subfield code="a">Bogdan, Dragos</subfield></datafield><datafield ind1=" " ind2=" " tag="852"><subfield code="a">5349</subfield><subfield code="c">539.14</subfield></datafield><datafield ind1=" " ind2=" " tag="CAT"><subfield code="a">Sys</subfield><subfield code="c">20120316</subfield><subfield code="h">144527</subfield></datafield></record></collection>